@inproceedings{whanau,
  title={Whanau: A sybil-proof distributed hash table},
  author={Lesniewski-Laas, Chris and Kaashoek, M Frans},
  booktitle={7th USENIX Symposium on Network Design and Implementation},
  pages={3--17},
  year={2010}
}

@inproceedings{sybilcontrol,
  title={SybilControl: practical sybil defense with computational puzzles},
  author={Li, Frank and Mittal, Prateek and Caesar, Matthew and Borisov, Nikita},
  booktitle={Proceedings of the seventh ACM workshop on scalable trusted computing},
  pages={67--78},
  year={2012},
  organization={ACM}
}

@article{sybilguard,
  title={Sybilguard: defending against sybil attacks via social networks},
  author={Yu, Haifeng and Kaminsky, Michael and Gibbons, Phillip B and Flaxman, Abraham},
  journal={ACM SIGCOMM Computer Communication Review},
  volume={36},
  number={4},
  pages={267--278},
  year={2006},
  publisher={ACM}
}

@inproceedings{sybillimit,
  title={Sybillimit: A near-optimal social network defense against sybil attacks},
  author={Yu, Haifeng and Gibbons, Phillip B and Kaminsky, Michael and Xiao, Feng},
  booktitle={IEEE Symposium on Security and Privacy, 2008.},
  pages={3--17},
  year={2008},
  organization={IEEE}
}

@phdthesis{whanauthesis,
  title={Design and Applications of a Secure and Decentralized Distributed Hash Table},
  author={Lesniewski-Laas, Christopher T},
  year={2010},
  school={Massachusetts Institute of Technology}
}